@ARTICLE{jame76,
	AUTHOR = {Kelly James and Harris, Jr., George and Wilby Wollops},
	TITLE = {{American} Independence and Magnetism},
	YEAR = {1776},
	JOURNAL = {Revol. Tracts},
	VOLUME = {32},
	PAGES = {34-55}
}

